517095865
816286573
1199546586
29433121
3004212591
1533854798
13802392
4351634975
3344682359
4397258903
4400082497
240991194
4387856596
4391776097
4392385396
4474689378
4373147686
286201506
47515035
2900736038
1087435501
4353974296
2840666051
3254868756
4336232356
3247875183
705249176
2780501561
3503490922
115482841
3091658672
1658039532
2927295248
183585826
4303512376
1708079940
2691827355
273614648
718094941
4314809122
4315159882
537378260
2356244840
4297462701
4298032000
4277992227
1483243465
948180690
2784822761
924818359
3312507659
4279019835
95701696
4258234283
1855680980
4326317000
78033328
4325400260
575746659
1018635954
60324189
4098863015
65611138
4238533889
2468841079
4197082389
2817157322
4284564552
1879321333
232597882
4228775091
3870369034
426020316
1511622306
23957416
3756069796
504511929
3300427077
4213905995
4206956440
4258798273
4203725296
322104994
1033064677
3882714498
3762906203
544584162
544513012
4180907157
3002419791
413447565
59496934
580881002
413151206
551536956
4193562635
121196051
4200671974
2884868831
4174317311
4174003035
4053792299
4164598473
19623465
333715623
329773912
4158181527
700225939
3288687658
1901698626
3392235347
4153778477
4064851695
4153540221
22545152
2316118140
4160498241
4160890391
544506020
2564088344
257249838
3393849718
3034893578
20564520
372904944
2151689541
4076060181
3100502266
4015031003
91385354
2882917913
250327753
4133029996
268349713
3940871902
2685204732
277495163
3147830075
2568467298
1455873414
4122178943
4113386727
4148120293
2435442230
2421072613
4116471467
4116365236
2972430477
4120785209
4145082801
165941702
4174455626
35474809
4100738476
3905778499
4110245660
145706437
551546936
17871189
1143810386
4109343076
17907265
4105071254
3020443954
351692607
4075382969
4094374281
948424488
36597133
1436567406
3404212503
3293491690
1005515250
2795856973
2442578140
346728385
3034977217
257467181
4065127514
4073394501
4052582474
4068381021
4067741957
96495039
797346788
3365138241
4098252378
1908906572
985298929
3600494542
15658017
34085347
76104717
14369743
76868284
483501246
390319239
2790169180
4066278021
2431438810
4056560956
3991827732
2229071528
4009652655
1610859865
2325958994
2415199848
1367996996
2382857926
515597819
145426208
2726695651
4015942820
2712442214
3754149975
4024745125
1004222952
75928527
16130983
322822880
4032285208
129169500
401512560
2712494804
935734232
4011969772
4014657801
400233284
3333689716
548832446
5807052
3087460587
198668013
592966244
3931238254
15850799
412653707
2575113361
1151452177
4002454539
347871494
3149387285
16928122
22953058
22925554
357090858
1929080402
2933826034
107523645
2370530858
2348254122
2735051826
3934543280
2316044516
3976112129
425604017
3309032948
1282516453
3903873139
61608747
3048950056
1078300807
21527658
3680194636
3324597932
282816576
2587110049
3743572583
93875524
3969202035
430280119
751295904
2255249244
3892460353
55848336
331682817
3897867913
2652028497
3383823875
3901826952
3939471741
3874837514
3929682683
3407953745
3657128597
121851868
1016073116
312392334
1960998284
2177533513
2154895192
176878617
3947812215
3947786356
167760471
886854912
174456524
21564475
898213219
33495086
3946472183
3908803761
14579415
3872899995
3908925628
3489092418
3902876301
3719427795
3901683753
3314052882
64746106
3820810574
3824947874
718466660
38527973
2779283890
965047658
3145948137
3751585947
38570303
433811383
3871968088
1673609563
3797800274
123742107
2444852361
584556835
215174264
2800384701
452559474
3058076711
77210187
3012560165
3035217508
3838523907
253789234
2433007369
51340787
60082804
1539959372
3027846725
636701130
444841686
532126993
2310985905
1359980808
39583818
3583929735
78051787
2680153248
1666134284
31236850
2889638758
3746296454
60420535
518163795
41847236
3774934043
469251267
168900261
1134630404
3794315176
38077665
158960147
3787431796
858624554
3806784022
3172386385
3818587529
84399388
190324253
212544404
119087258
3784192581
3050703333
85396295
43230588
30574928
3767104641
3670189392
301069475
1291963435
2930366402
3191587675
3364947375
3612875663
2382193884
1058444551
2800018507
1692216337
353474320
351383442
606520601
858415038
3760407497
521762429
815669041
2512976850
41411209
97073640
213905690
518787124
294603032
3312102879
119244178
2969681829
3126133424
3704476233
2174607926
3730036581
3688148295
590000485
3666221415
1609937834
18403147
3296616914
235167491
176464452
26660342
446989988
3347164241
3588924563
54409576
297157658
177716773
3711005297
1263003433
3622259054
565389360
282697951
3217199500
3022850660
1045361029
129022074
3612246016
29256961
2655061483
235666915
2264457463
3689383995
2309115740
564931890
3566349148
3554695935
3555157935
3566258417
3554514315
3554736195
3566267247
3566221037
3555120437
3554683582
3555218416
3554913315
3555190281
3555038355
3554419815
3554940100
3566058683
3527019621
3566046495
3566185157
3666448395
2782959864
2323067333
352019408
101506808
336232688
3656595742
249359416
2165488203
125836382
1634788753
70296564
3520218194
292708375
3047244840
1546454550
3364287137
620125745
3620467881
3548804894
3541645397
3157589952
3632482762
3634325303
724155270
3533946565
425372401
3570568043
3621435683
1585960296
561631845
798795679
462285230
607427698
2593120532
331433697
3555984921
2186062965
3620937689
925438969
17323346
229282914
14585013
2729491223
3509784433
3604602208
2720229190
3556728058
3557656942
3556471997
1805524327
442185937
3351515140
2577903276
2418107090
2734513213
3487767140
246460039
3591964457
3239526139
3594065206
68318165
2918490953
2869200552
393093206
891816434
184899416
1347781147
17441664
1093860378
149342239
400651426
1686581911
3096604568
24921910
3224515139
115364319
2930666669
620731515
2547900645
2324902504
628519097
274259984
21165368
3440706735
212281588
1472860292
3495519795
61758751
1415418518
68038005
2345730582
280522966
3447982516
3303594881
580907614
3448516588
51128097
377825859
2254846463
3327980412
513563877
78943016
175618887
201178689
3340203012
65397528
3243235368
2732710047
1491039552
39774958
2244534533
41096505
880688072
36225589
2906904465
32743080
803250247
3108831763
249436451
3434989659
1210667617
2845402008
107913753
355882797
3415860040
102827120
2750147226
2376428827
837826093
1487968764
2480845933
460772970
1872453590
1382182747
126012620
17020923
3428995252
127094452
3317908231
179172509
3223395889
2613564943
29486531
55607053
2787374411
2437294363
137109969
1855764314
282256478
285837082
2918215532
68733881
428402296
2721214378
2279389820
2954369900
185050143
3305411552
2752075597
187434969
329309170
3255251677
1964230399
1058613236
1095983808
1587579438
738197586
425606143
324493929
3410769784
600139089
3405772409
3404386259
2565486582
3404231307
1753836648
23991345
235324789
341493203
3304406443
69461207
450340060
3401482499
301111730
3331353255
3401620209
1050601310
3140705368
16745265
45105778
2412979460
344414252
2810324065
566378769
18942130
821662873
3185524388
956542536
2750742542
367449627
3291526279
270877923
1218977792
928479084
3298497841
9389142
3297502890
2992605742
3307660612
160362964
373225073
3291792769
3296648173
47447031
422773181
36360579
417786133
528910843
3289916292
3289854750
2349413995
100825640
280189936
82205659
3383775238
581209428
3296396150
264003077
3387536663
3387658960
2961394792
2618278681
93959071
3377834350
169899205
181311587
506790351
2548212637
3043360467
390905408
3380307507
1892664229
1145344111
3379587273
3381150251
3217861052
133893663
3342110927
87808060
3285235375
227756215
24454939
148591795
113458785
606700269
388966216
3040852670
110057965
635966357
186080087
46416244
61511755
360223530
3271323457
3271370220
79544557
519776470
423116297
3316842946
811333532
35797450
2570408921
827662094
73258562
3372250413
488789761
1704879852
3350761707
3363047193
516903413
115700178
310038108
401964662
3269223157
3353932793
1000886101
14553620
518925219
607627222
3255923840
2971656545
2982984011
1558588572
452235137
3112433327
99167447
3361001224
189614789
386791382
3362468495
733752475
3261354492
3262588704
589008223
1252869156
3352301499
1873310514
168473243
118739918
2653156362
3265886665
61300784
2550759221
432096110
3350864170
144936466
3107904079
35822663
23627850
956472163
3260752664
13016532
250080016
1210398841
1490629194
2404969712
3228214836
3256518890
2161258009
3010823557
3346345863
3347083329
3347247293
3257716938
3257421638
1143976430
3259577684
1030841640
567334863
2360067570
2943991989
2861246464
2938165449
2186504240
2843690376
343810194
238420778
2730619697
3092683276
27186292
3149074609
1568192880
308025298
3252795793
1603693496
3243510146
450841630
94701687
3331852809
2558147435
3093490410
3248453196
3332893377
2810122602
2817878266
153847014
3336552412
3337365178
798087444
3333169731
1228058576
3040740209
172424685
2623758217
2315467586
3305250388
3240957122
2669350535
3132147808
20915113
561470977
2615342798
3317026000
1163200232
608762256
189261917
3022781663
3242737502
44261601
2435795558
3323031442
3243809642
3231213780
894329257
2312289727
494694392
494542830
3324639903
3306199606
315243495
3313516138
3314146475
3314898983
821713261
3310672227
3310838758
3311103532
3310863033
2852858170
124572357
2366247639
2361754251
3116891502
3311900117
3311722875
1135549770
590067041
3235350506
24287326
310405321
417045423
245096455
2421118344
28723564
18495368
113877406
3305830923
44265798
294813921
1944048708
1110238388
109332587
3306331846
3232395048
3003546010
107431385
3302956407
3179642697
509366612
2842744030
1352113902
3183306956
3304316817
3231387218
1263388573
98907403
1390134794
2346375356
3301534679
175005283
560352888
3301757356
287935884
1172117046
443825346
794350370
235849370
2779844918
528766370
2834597675
19539314
1427532794
3217310140
3297033395
624913171
1435029560
1146839018
447496063
3225701598
162010810
1032992348
39253095
3222561319
3085535020
423180338
752268721
26086810
3153751556
505018227
3291523101
45698195
3292252527
1220055792
536836148
510547919
1455060918
2793758725
408206122
274672063
2922211552
528679376
77654468
906154309
25234236
2912773943
3219363018
3289315900
325242404
84434832
3289581245
1146814783
2364380616
119427916
394051830
35849778
280005587
33073122
783389275
1942805077
3099572728
127971964
396930115
27943773
63796062
3257173102
246460640
2374723309
3264722183
2164234713
3198808176
219065732
364077072
2239866581
207213048
295907095
80553403
21112379
626034986
3248022899
3248771368
3249439157
415921316
1428709147
30538490
2707369284
433747537
2758433667
58130531
2155004980
3189504116
3130268194
3243628715
3244021083
30791481
266005286
64880700
357993944
386752349
3191776428
3245863595
3192127770
1166124800
3239952299
3234757689
2570722760
2629715555
1240182830
3197993723
1531481695
3241427566
166630223
2586019620
167783457
475155445
3145244584
588875355
1263916987
3235638129
1449000090
564725066
3236072794
2362429609
392775687
1012248020
3191651471
156943757
3110911234
908270300
2432035106
65431550
1450727119
1107882368
411299598
2613472350
1686286441
2401879597
31499835
703988106
1273012435
3228750677
297055660
381834985
300941710
249880703
3226621139
3151902095
893359824
1003268006
479807115
3226190679
83140655
345004982
175180429
3168317533
282761533
2399740958
417486263
2402568709
3179460871
1537478390
322026928
732537840
2711702279
2955400893
3131102157
2973237980
449974700
3196460141
724583820
3214796584
2839014418
2888866654
3178722205
188194447
2841168802
3178594274
79081772
1876276476
2951490606
49135345
460756721
486255389
1726807700
2676113265
3214544877
29494654
2791831921
310166451
14854407
575752455
3140984694
3202247523
448538219
259078504
1306504764
838460178
2239888326
3207460175
726878407
349231662
558284654
2857029228
166816538
122834904
294889803
416721967
18446688
3170639635
1631438280
3198271247
3197069212
497538141
1486263800
2797748098
318227376
3155807490
365520470
3008392186
2426339095
29281762
197704092
537687477
3176639140
3176705361
720072134
384002488
3131035311
321500994
2881265359
2691030230
97120505
2914752848
1180507572
3164535896
496422563
3165241328
3165730723
109276101
3188539761
385165941
205449289
24749520
95484239
3160071853
77437736
2207362321
38735700
3156819366
1636340558
2360227482
53267527
2279762346
3167325238
3140179627
2335760461
274316152
240904638
3155700745
42439281
102721376
2956412648
3154588476
32866499
430063823
1554184268
3153892209
807602264
2227536031
726658471
269149873
3147170257
990073939
346050953
1140772956
53148582
181076243
1639526816
1960708104
110312325
2227183949
1732904905
3148033307
2237864372
2850529707
3151897335
14365686
356318703
3152537392
3131088873
3152728000
1543218668
2886449441
1104799188
1530894998
60453038
558856151
2878533622
118919453
2742553399
2658154303
335028546
537440181
2950714121
338291677
338994478
81942774
2480845694
1870235276
551214146
3131638779
2928076816
3128416022
3132381298
3130815340
14354777
746256055
3135593481
2376694893
154469989
3138945718
3141496082
3066482025
1671159192
121344251
393662283
403187040
3131061897
3124220080
338779818
979639380
147751162
1565870581
1576971787
95477669
1877334548
989094614
625063966
1605564991
3111596007
3127632706
3130316795
2361824556
3129009717
227055093
3129460847
2256830311
3129525189
158084514
2610476498
818218358
214969165
71671992
1551377670
463308992
16056529
335181233
3129395199
2511936282
2327549172
19720235
2876187148
445480887
3015298523
2997188140
68560444
1938589326
2982254584
801724692
2872723066
3113427816
3113557866
268258331
3114312913
2736252711
499996016
549522926
135980904
1925540750
562389408
2574562938
2629129441
1537711831
2688737196
1961409169
1665369396
3121240859
809177905
2782681356
323574455
58472072
3115027462
3002326695
2848211307
734852233
3066136198
3108607144
611833210
3110354884
71296041
3110959773
3106501462
833911225
2392973282
1551353510
949802582
503583053
1363053180
343795143
2881605641
189596382
3104912656
3104604970
371949112
1433856734
304087150
3064437062
14828860
2484509754
1480245276
2291502582
621952150
2308153619
1398353286
3098315264
493360921
64496398
3033935609
3095882399
590551224
2998610829
3095308313
43932132
2842081971
2542338416
3093706205
807871764
894006218
2963786194
859793215
1664720437
163225730
601978434
96595466
755868680
3093936708
3037233731
528920507
2830120789
2493710191
54224418
809920963
98460686
3087952901
754037592
3089866084
1666391641
2788981738
307072273
91125049
34059270
2843820904
2609627038
3015031168
3044360896
838779914
3075346316
2723779390
2394777284
2214641958
533244752
2544385459
39914649
2492764530
42730563
2822117268
275015685
281834226
3057609291
2536818157
23805978
2792355449
571411133
2510772589
43252775
3077400713
600538722
3080593997
1247362704
749769804
2796402580
612170233
2792384978
67031055
409621900
433336550
176956451
2218901413
3064496242
3075119451
3078765933
2958476001
3079501115
2793282225
399109986
1499479742
279076642
95936669
3068802885
33375517
615282409
292403125
426149482
3036698671
336715586
204500890
2965465071
212574952
25914004
548192103
164279118
413089078
565874780
2382926516
476192555
2258878024
785445846
571427363
1640813550
3064377216
2266036200
750525997
2384056096
1377240528
363411820
286308510
360671693
408765693
999571903
258608482
98276596
1033968355
3069252467
2846448974
546481467
176120518
411107984
424325848
2697523473
2332066656
351655600
3031836306
21417340
2970827331
2983321620
3064544145
2757564622
2701492915
158595834
1402640990
3046672160
3065741069
1363395313
271591834
3065081860
3053992962
16702987
2463448210
15702504
1917163806
1029495894
610324586
93934065
33738522
3037804609
1967310176
1671538962
30160168
62539757
302637750
3045142166
3063296920
2285272818
2857329177
1028389675
58474131
635618312
1419351289
14296611
481677922
3043011056
109707031
1297915752
3043443348
3048425723
43678250
377970027
3059360153
3060243341
3057555819
53172397
26686284
58099739
3060170915
958162166
431111235
920149104
3015012076
15487001
3059012578
2983741370
1434179101
73526470
93285881
3033520639
388141922
1403141882
79630935
192505910
636037717
2981627164
1225317552
17966191
3029890122
3032193133
430093259
1371939680
288018012
29349342
3055685511
3044232723
1730539819
191683896
1290093648
122430710
3019411315
2778989571
2901771081
3047141950
152980048
1931427091
147064434
229346956
2978193957
229634245
3028711085
170554244
3030189260
2388517193
3028513801
25187726
1064932981
1938663272
369746194
146925179
166281471
2597329292
3044400016
1096563966
3044575642
3024868680
1037504916
3039443409
253159169
16553000
2535655891
2447680740
2598763782
15407687
1949424210
54806023
461403889
555297483
2493718307
270152239
430882994
3028735961
3028861637
2773692326
3022780966
3022928171
2401661708
254732174
81647593
3012572533
3023777584
486249382
1859130516
3004745098
2586704930
3025169969
967358942
2332028795
209441770
1168903477
146310941
314210280
1578830124
64614538
2984615817
382981395
2786545405
581535437
2828359146
3026916729
506535084
3029362175
415616669
20228233
3030533273
3030284547
2985650013
3031258324
1210243244
3033350033
2994494743
2948478575
278369629
107070304
2387709702
1392614137
107603904
3018964208
379246581
2529895230
3033416481
18642706
961616677
2259076520
1944460404
205886043
46970298
479624719
2587883436
3006381705
2732494055
2875314624
424040380
3019418854
48975808
434093732
23465289
73577772
179778058
2993689167
2998015755
2450075194
3021517335
223990047
2602272932
19559520
512177818
859587186
3006025148
509296141
2246365745
521618280
183878459
724162855
442285642
3009355082
281072742
3013307609
3013427391
1118295848
1056341881
94026314
172836907
1898353556
354083199
83179368
2990992997
289781938
326947338
457613257
3011361436
261825878
2624137278
375934089
2993965382
1694798250
199101241
528061139
3005926451
3004726471
2988519933
3004284312
121583688
1008043057
2350488983
1719049441
1394392892
2805951657
3005658424
1143937950
300648366
3004437976
540428318
2986180306
47782123
1027217215
179813302
3004180624
362913840
3000311904
120887989
25991258
3003752338
3003948466
2995641456
2992348977
2664640235
2990077581
31514451
411011062
346979947
2491893108
2994884521
1694381994
2994925283
702260771
2238057134
1310732425
2998236849
443390260
2972466627
428691813
2998690545
15466386
271211435
1242722971
778685990
24487483
1031226163
2823268061
2407388907
434292291
615969832
748459813
230911626
2336763232
2803539003
23867688
2999729673
2756707546
468001301
2784891815
1120857013
2998195127
41221654
19298813
1448562733
26591324
146856736
73715886
256096192
355392540
2992781074
68605064
3000572457
2998432134
2998549218
1431803887
236248044
2988301127
2940046803
1138380974
587969337
2999185969
320875619
33581535
2993294302
2992781669
58532504
2882118845
1485865668
2753825170
1526355012
49512741
258150114
2476029684
2964537819
2901161812
16535575
2945194089
197560548
2988778511
258511999
2518256383
2481337423
1689444031
1907158994
2986756862
115946860
2987799362
2982616659
16323684
25069650
2989040250
921601880
513998483
101546145
202860800
1385344412
45990259
350561922
19746392
347948427
921397177
304919903
1599674720
24883269
2978555350
1420738411
182475038
2984207022
1341909632
2976567760
2705250698
1510843364
2908554369
1498827895
19599814
1099208588
806743370
366375020
2453538632
2520830137
2841213784
2968548219
2505036048
2957509139
389322083
412392492
2293953031
31173768
2329431480
75082752
627005422
257198762
2972611253
2304629931
329200311
2373127408
846195872
486934796
249407861
403942389
344915351
244573446
221706110
246446625
2964321093
1692459067
2962017190
42290868
2939981451
2963889089
446572756
2796273943
131579975
2896408407
250432571
2361895335
715264898
1661691816
477804109
799555076
310985671
622484401
1479788280
85134221
866907265
2613634878
15606203
1481247204
2944528607
512259182
2946570950
2403082877
519439629
2744373380
2948618501
2949789747
2949796701
602339560
103031690
1291270164
2951958429
749110675
2807271280
188522845
2953371237
2955210893
2955522440
1323497636
2956142500
2790907147
2527667036
634064784
2956940312
210969289
868637460
615753055
2340294154
2959552619
2961754473
902012588
2937983729
2938353780
2573749957
274175597
14774443
932124684
379997874
46459119
330821797
164781715
583799622
768484759
2933079909
152095011
2590925329
2933866037
2920485587
2933979977
2896046237
2393063119
26057261
2935020774
2923293923
2348989903
50416342
964222891
2928116140
334416238
124495248
2329312181
2832012582
17350646
85535165
2777141853
2925217715
762550585
407352912
2558998914
2686028738
2923262403
460689359
35885888
2176735550
355989044
2853349167
897818576
1858702856
2714836403
2880910836
584118302
2919188807
2339369336
2922183285
2609797662
2775454081
2922416590
448645100
597672560
2285506634
884722921
2460042668
2171410073
2924495167
22657253
134014387
2902154269
2906648693
359793343
2911277866
2911422603
295917867
317241429
2759129998
2912230721
47987228
2912301599
2875954403
2912714397
259496192
43430618
2919975438
2918386195
1402329908
2906945537
1138685486
2483093240
402939310
248807345
624392542
2875296521
2909279356
2343335814
2886191674
551456010
265726633
391714983
143954219
915952190
73579370
152493773
270110344
456869437
329541366
20481058
2765886579
2487590716
123098836
1370681792
433021368
78072567
792244730
747199892
23542570
917608634
2893331457
251241682
2893642557
136718172
2894835669
2361898475
329878981
2896561990
2173810674
1872574812
45032143
2889851493
363945350
2895500951
41668809
2858021499
28139112
2892336327
513995065
2264032288
528055712
2565870309
496219523
474464680
3959691
2251075653
825888878
2887779971
2882042962
2182403447
17033708
2177098626
40795312
566735339
2879536649
2889349456
30377392
301136170
2890021762
22659704
32475828
64546244
2889990999
580627784
2905415564
29574629
1394973948
2385590112
855653684
201800728
15372976
2883533219
1003076004
2841209697
1949614465
31638398
23496408
259591090
2905294045
2339710208
635042250
2865297479
2881442392
2903044351
2207341542
16429813
2876537608
2882567463
1649734039
83473715
33786888
2481392172
2874194361
2898377185
728730782
185442764
36438856
272121720
289013746
2875753971
259454201
265204912
2877017932
2572815088
346908191
2900786366
2851311046
238148118
1359201932
82683712
2624697035
2313258556
2815029356
266840784
2872403201
2828853120
2320485413
995993468
2872412368
913029824
208704292
2881005144
536443340
100594216
458757456
2866163457
493292711
2869027023
2866308675
844325598
330665696
785332513
2861800331
151367227
364642020
345601370
189110035
2850332944
2891495623
1461142411
2723390583
1901309144
2648301322
863690600
2861488605
461163914
813574370
2252815723
2859879233
545297591
853856406
2788751311
378614341
352461989
432104459
995967504
2885903611
2779541088
57440214
41939895
2491605245
1667215532
30500021
2865264817
80901127
253649044
2640837112
1487625589
1274855604
2842018529
2810155002
291513513
2851775356
2463508472
2849996770
78170934
282134662
2850219531
2293097760
413347152
60784269
69420527
1081285502
2848334325
104947753
613396079
2518277772
175568102
262545154
259968428
2847055660
2846830594
2846821492
420080017
2843239643
2302920637
2338142432
709735099
2761586373
714777990
2845926813
755914885
2829990407
197693221
2842127147
2842111857
316793690
417971423
86774464
2842580495
802698974
2842640818
540525155
2871548407
247467295
30467947
2775306289
737970277
478878156
2393304985
1210341804
882328032
112970794
2167359847
84411303
14272312
416173866
2836900606
2506894172
30438474
1558864543
1697906821
2835113505
1487692584
2846063088
15856030
2831862370
1710653749
923866218
2827648157
267752196
2834303789
2833492672
2857669374
121945139
438622843
2829943270
608473
345042162
2830969221
568346459
278818689
205053234
234307080
264023997
460762631
774361555
2828622621
360411805
447664860
339683192
1351995343
58820478
498918501
2427301148
2583841201
386455386
177693311
319352479
2821438234
129391465
8902822
336786326
426296195
167262665
18546952
2010381
199728303
2732571337
2735648325
19274588
2794522887
2811170668
431283258
199350126
22782434
37836866
2330575753
2802227537
9982322
274857574
2803117211
2805181324
2730276376
2303790914
360058275
838370256
2779518788
31152887
2677922677
597510301
205121987
24108471
2776648178
2589967159
2826555972
2756194055
48739715
480720725
2192423551
1674494389
2798116918
425650443
25625192
2795295143
1642459802
849955897
11796982
364642731
338837311
435601593
405741455
436160144
1661123438
1896663919
323884878
597043728
534337141
90926432
2493882168
2798060905
782824753
2261042660
2785723521
2598411643
103156477
830253038
189267805
162016628
2441968152
343507951
2817007236
2827853196
313285713
2715165392
1528164594
604682616
355188760
2829896466
1689252043
52948071
2270232419
2546057429
461773260
207210368
2779808831
2359906507
890903652
2494355792
1965651260
2796890149
2175030905
201448934
145845006
2820475711
394157831
2768129289
420822777
1137882962
2791226024
406311799
1415609636
2771776661
1358163000
760182578
2811648696
2489666860
2786160150
1240176392
2818308732
2789950465
2699269442
1455765162
2810127301
30028891
2731793753
1355437003
2518378070
357228729
2469309936
346985377
415124491
185631120
2804590254
2804400367
2684147691
2590162118
723297558
2802503287
2788728355
132064610
18532961
203071766
2802469422
30206888
2195256278
73808734
2322781439
2799154627
2764920394
2764441737
2797944672
1601011033
1132243880
2443082514
2430317070
2786893628
2792196277
1683352537
1930332486
987654355
887890670
2288816467
287163355
376599767
2413208860
1850044742
63100671
55121922
2657236789
427047064
2697200790
415707551
2330577631
1034786154
1035799069
267399686
12095692
1684522596
1289023440
2787203084
1243139239
2712483971
2780926092
2757748851
472472438
537076122
2269167060
17723643
2744762320
708461444
2757269734
135896329
86841600
17339064
590300974
455224922
212204493
86807957
2321259906
183943118
216502200
2482536832
2634608087
315089780
135457324
57652828
331197452
432288712
305180761
1726795861
716594430
2558210849
33761666
2377986482
539530583
69649491
2370983557
2723292316
5031411
2553333366
424281265
122517274
1167271392
24414409
47830846
437870940
2746796820
632265969
842568378
2764734900
486131843
924025866
2466194836
2617892492
163554001
1277194447
255249385
1517811811
2768280210
394246400
485345535
536800289
1132745316
22503148
1729868952
181050570
614496367
74831447
2760675414
219668221
2151724815
2463517085
609618192
36691360
14924235
382527840
1157444420
1870241503
1712440669
2753432478
2753659338
542954439
35989367
21260991
1876294818
2316847852
22154025
127794830
2712317498
2299847897
124495122
2531254406
851545039
50019529
2560325814
359767291
544728038
356888638
714705864
111091041
2743749379
345036673
2541597056
961309046
106822056
45580509
325300256
362271471
2677538804
569710967
2384128570
1287438740
2165026595
317807492
1928877787
1155600080
913204590
129670860
816169520
234564079
140643839
2733316034
2733308449
162612971
2378005132
2228033141
404990888
458732838
563248160
368672396
298658750
575641087
2347055087
2360027701
20466033
402332614
21412609
304972551
327407151
1462364977
543720059
2693868134
2739477261
764412684
254747310
624325142
125443136
450891748
2593818877
939192212
35406776
2722327180
22706216
544226416
343101767
2701455948
1893437707
108763789
65779681
25217555
121813795
197554213
17604930
1148682408
74832132
1320318554
2708017134
1241599020
487604834
1950707929
402990983
2305786651
30011457
33279911
2731437304
420711965
37194675
737475606
246598008
28663949
47866270
21958971
93998291
2729690277
2693387095
62362849
2392261355
426188506
368433536
344999364
762135818
102789361
242762571
2725425358
2517995986
141810541
310096411
42013937
29852291
2685646710
625312961
2676535212
484202142
1193193962
2685792793
1940957984
100891681
2582821463
323611825
1381401978
149917264
2617601490
1229445523
2653926486
2674256228
312643686
82618736
976399952
99778817
2433572658
2719118109
137543135
250781417
282044489
1566807866
380957922
17138773
1327515870
2667662468
1005114662
1419208758
271261151
386885509
364883161
2560413670
2338172157
481019419
2716000103
2571102640
550600157
40845110
2393390898
2654188292
125903141
801071576
32254426
2246709697
451181787
328699530
170108622
2651074680
2370771969
132568052
391147119
1354690369
989067583
2513200050
468941397
1393256233
2646426553
2360892109
145842714
231574904
193811606
116017073
718008675
301672418
1442179171
377095826
2540714527
827856068
709802234
534154615
180617389
2561763697
2613630722
1454429107
335906544
1287552145
2296421914
2611391690
884756522
118577794
489531458
496462531
2611672291
79423101
324674352
2610770929
2591616175
767056099
2414066751
2485858692
77802106
290366183
935102076
2226269924
378868872
2608728174
2220973994
78680615
2677389189
910437102
65797909
2603965308
2669879265
2541920665
2181071246
83462576
379252512
2257047033
2253104761
1327174086
2662290245
2501885299
2584211954
111898796
46443643
1869925860
759925279
244214563
2572506450
284660370
248700584
165864348
374883219
398317007
81947660
1527270601
20366841
601116803
368541423
495522938
476301892
390502963
63786396
110748664
45342782
2648594829
17301149
956282388
2595507642
405226284
619828788
2569501332
273753
463997766
2418843821
91261389
60797968
225627538
327588672
318009923
2535482324
2535954421
868709515
28959396
2442824630
1031890993
2476255495
2460563831
566245060
736014805
358371596
2441641788
2577136435
112463656
2534429620
479085664
284720365
2576941460
2194807950
24298931
2620293423
321518566
348808925
2303846195
2521334618
328818525
152064135
2571611389
386600115
419700036
28598558
2428126563
2612651896
851316548
448478408
2567367091
421910539
481570835
296430948
510271745
544746078
84405659
1128815696
112894674
2601384881
2565672771
615107953
2562113293
29584188
62676815
480906317
861116142
44887628
969220542
2594937941
2157581897
71438794
2593328837
498856775
229007905
2468290399
2192067614
2548958041
833181367
483513591
1905986976
2408155652
183248598
950234268
1944517304
68843066
2223792930
427108295
148051245
2538462812
2567460118
2562838900
2382572394
891377682
182145483
1535684929
239471086
344410893
2310829111
482891913
211041732
2159716315
2462327552
10235652
2500353265
2378066902
219089454
2162525385
434566061
1543637898
1571563171
1543686446
2479903526
500404679
729589237
44677213
1053058218
441990734
146023092
2507877962
2478281041
182106045
406434434
90268787
144343
522867414
317479412
1109866315
2510661978
2547304767
14956535
786268100
48705049
328276395
450140798
457222456
19834491
16299461
372577989
243303318
2479015771
360236656
315393352
2396904847
62274779
323142928
2391046429
375099806
2437266546
2494864831
169113457
1203248622
137684673
367432820
2332151540
451184260
22635728
2187430928
209218225
16998038
2541282747
376423228
2509574603
2478745195
2485764326
910869530
2486208986
1638236053
2483999509
755940302
500267930
244350419
24815995
2536877200
35484526
138629292
81106392
1036200420
246089101
569997237
326483681
2463717300
2481329532
553795543
2480053902
251766570
1468474466
156313674
161119192
989589404
214792314
2478556849
416653335
2357495729
1360275439
491959017
419756531
95349823
521603349
171972889
2293870647
709236759
298341308
480714362
2448776070
60435223
369793766
239939529
141997266
67441858
510395389
161297338
160985704
243698394
776036821
2519928220
2519362283
2471337054
1601689633
7395762
1420880335
49408153
1539750212
128189475
1960938787
1574269807
627929077
328374449
605976344
172381955
1329906342
336932926
2444358205
16340465
163966908
141347660
495454597
1209800209
2468924707
316786674
2461830118
2515065376
397498897
95501096
2442623100
192856810
2249040150
2281439936
2155115739
2426042611
479224715
170415569
290124485
895768351
624246590
23160589
2227813789
586993779
548745780
2334643658
63191081
2501969459
2375276012
2500889541
57066021
38313966
2183587538
210741842
96308323
2457259621
234198757
446405738
779554003
395943092
45976835
1286591688
2498440018
624372472
2456035356
245472488
534961046
2451338293
311009215
20829005
135187154
1355277560
203266852
2450152579
140256733
333449489
2434133635
251410648
2359939111
274753465
65701179
2445372445
1027859622
321055691
349558662
554349377
365268520
1606968055
547099223
1677014022
251694778
244282041
34823127
252753403
574728217
2445736719
1854954332
210488791
369151011
1862095550
446716373
533920344
369020620
818367566
711816703
501966786
2437204423
436137382
1048446306
977334133
2435775746
2436323258
1639379054
2325122929
425436882
166632301
2435972777
18566247
790086618
2339736338
1655548994
829139018
380662383
67031323
440470319
21399944
772807592
49648555
458921247
422161131
395364250
501346264
2303864507
447617968
1072272956
356435919
2466792977
855690824
529645969
256679500
2229332344
286892727
1071759000
332461872
2242930464
2425675548
237012415
2424420618
2424599690
378047790
1110829278
289068217
77300334
176564547
626172200
2450937167
391040860
184480926
333780221
203134070
1586408286
2450117261
620683119
622155789
182239459
182936319
612850479
68031290
625088539
67769253
453130406
364876635
554613771
887871608
1111892556
930760674
1460065364
175947017
1016188922
968408641
766015100
2291680158
62378460
311692649
55007027
27336023
2414531052
2411507454
14898853
335563294
2212570457
846443750
2439149715
272076706
1226218855
2261128414
2438423151
1513962834
259709006
15209135
2411189294
2410730989
1901559955
380574077
221871876
2314322184
375387491
2407972436
731891516
574173709
508240674
150848022
2408106258
2404963327
1031273166
2404751497
69600454
335123014
344373482
179787290
415896174
2267836669
2304579273
2376471049
2428827004
809863016
338238951
18740765
1354111592
321544199
2274702283
1024731830
16825972
117148649
2425360690
1264678711
406325697
2424695835
142475902
231934777
73271601
2369267172
2403674364
2399880727
478717667
126480929
829718442
33051192
15608401
69568896
460024996
427260379
279592330
2374712102
389202964
338456052
359496877
2388000792
1963153411
2394421886
41116847
2409305698
493644155
2361109874
158964605
1135149817
292063741
2413022439
221925764
622133386
2410211662
2390341074
2279504606
66375600
136379515
139542623
215373480
2373250939
824561809
2383256203
398998129
561471803
544817610
475208600
2312341801
1902024720
2204203211
333885633
63240797
2342931079
330770704
71277492
32168472
615434447
2379262038
1927362991
21462963
309350066
222835793
2364610128
362074693
1003342021
2377165194
2377239432
1517870359
1610850596
57340608
242939330
41447923
83661840
2375946320
35854476
173913660
21919651
2288984462
517012834
183757765
2372548766
2374054746
205402476
31070022
187788695
236869812
25687715
919431402
624664727
612005644
322199565
69796142
366816215
562756836
1263590132
176879776
372427307
549475870
1144122746
283790646
20539277
22839724
63291230
397400969
1380145891
17411726
1414110649
248900664
1649260092
582960514
2369773734
408883324
308211830
389724072
569479157
541702042
87770717
242410917
2364635276
2364656990
11188622
2364412844
1496976475
246377868
111116279
2165413422
2279344047
352816613
248495541
1965152366
315279445
2228824353
464156020
2284114644
2365395357
2309120372
2361856190
192392602
2245810350
2231376162
88434076
1465658702
571301827
2359911895
37115294
2363706951
1861655654
18733495
2359365351
1077983671
259079821
355359685
279153931
68477476
182985245
470608405
558988948
2354950749
2227566168
2353661041
330440355
1269810450
175166942
1186517768
2264040952
1702903998
260428658
2309258330
2351053027
414424699
2350450200
1246591525
2317682540
2177085151
2317692978
79531932
2324605218
1046854951
44972082
316616630
2301890659
2347568269
572213198
395933153
362809465
393849167
1292599531
1093502287
349463040
572119972
2274023650
363181179
2186791954
1375563494
2341008768
2339656296
353190258
601313759
440324451
46505335
1398247268
184446722
536447239
19771875
2342518609
176366518
30080712
253809886
973892760
535996262
2222325324
2343529876
192673647
2199672769
2342377005
1899233732
2278027277
35643577
281221268
463895147
306926868
944537744
355093542
36935783
124995476
321705265
2343815154
2254200913
323318259
2337307478
114817235
2317678214
2266228685
301188240
454376137
1498965757
810097172
454911056
1944471236
592239713
411913913
50144372
492833858
384578337
253329399
387714889
2327405562
2334396756
181605574
2331196266
398062934
613096575
2329193307
104242057
1398676446
406903209
88260823
976519393
2305154756
274555846
70853936
157874016
850349414
2176940849
280574035
290226879
90182867
257128184
22706484
719192941
248416740
364967442
54395108
334194113
2316637377
624330808
181014843
1332823363
379512912
2326526359
2326279927
2325877513
520801404
247604683
530841751
313084692
51605457
1104846260
1599361482
549806804
846703194
2320715572
195867875
472340496
2289746530
557152057
2321610254
1076964564
229919575
2316634125
321567587
811964394
135456764
1638949033
2320238659
372243439
221099624
1770170790
488779025
505132711
239677994
2296226689
18416368
2314259281
554629512
175447068
1075179120
524970962
178943451
383000150
312592680
84627220
2314608877
1039090759
2314857446
2307631254
17971287
408162597
21070366
243427939
1107914088
1486008013
899577164
2302723659
375411342
836425555
2310546691
47049849
956473020
2302952939
99554325
1644214748
315473225
2280709579
589235609
1638139080
1394399438
2308525920
2285253786
2307412692
2305444146
273734042
1161424392
2302575734
28665485
400768415
163641364
279353967
338116564
2249811043
2296322169
1687442946
802237975
58621720
2296213141
307114441
243888703
2301725839
2302016485
2301729415
858991280
352244291
317776153
1578577752
63739257
272103133
334409363
734188273
1400759694
469167435
1286171792
556079507
2296201482
2290092372
633899093
341042096
1865537240
80340565
16808551
1864400911
2293836738
2293633902
309399659
59894292
143811273
315323323
1494514722
56884874
1485483763
274064103
566971032
135824429
2278294606
223047581
1123264459
425247927
523573836
1684432518
1476252601
122826286
375929991
2277440097
139834122
284069156
799511845
1414137110
1728497581
501443865
1287123662
554029005
2271766359
2284090548
2284157695
18391853
395629480
67412622
1140880022
734109350
155746311
1199292829
2229563182
197585074
905110310
2180476165
72166470
150103501
2147700431
1650552823
2243916691
397000596
2258477400
247718824
37285052
173928235
334441569
157219256
216238020
905179321
70407706
296631560
263208618
201810187
2258998441
1428554088
73523059
303541022
1490674345
1252658640
56557209
950970272
447949283
14389836
162565832
2256661978
588572989
2211501733
21722137
459371360
895324598
60729165
31471175
367472565
93253230
1205369959
28601983
917490582
259579445
988896834
451995180
1335909060
170106081
324226892
85468743
471560358
2252338968
2163581802
785531070
394701716
30320170
21529239
2229015447
1884687751
60442912
372935699
350124187
302133602
2190931700
512127960
116760826
170053715
791864155
812432342
522375838
1873851680
2171068531
2241322250
446209478
338120838
506067562
2163429926
553122468
382761016
302906874
1760815069
50459110
2237829836
45472486
925720339
29309901
599458174
201488530
2214170495
233579615
2228392903
2163161287
973174741
434267865
499219843
792419514
37500617
2153742873
985186471
284304409
365701015
167809478
572318108
1890522420
398397321
2205063666
2206422528
473165749
2207294694
56161077
757746206
364087654
263782258
57986220
2192245077
2211412909
2164790166
217203360
1422600637
1801467685
194303628
468910725
1335470708
105966942
188951963
316215997
60654106
2216190421
2216588502
1379965987
280826651
821466800
223490111
398362360
1563825876
1542645078
1566209258
1867760450
198387356
27941496
2227674194
2196993332
352856784
47141657
964476404
196896226
409547147
1722874760
1482154429
2230527432
2230578390
1527862910
1895171678
34437685
297781862
704073060
291990397
40988784
2176667365
231837351
341035680
2186786529
49668806
2200085108
24709228
561411451
1400360576
1978603147
242778242
790818271
1021099596
539369116
2199798668
1456798993
183079416
2169070331
2194594837
1968672698
992250776
2192940948
1910668554
349604129
569915255
1498975633
1937844644
51838522
170479423
2167117754
130090686
41211760
13219502
906262494
911601877
392641280
8071902
325657341
147828201
127938801
2188441747
975238387
627032447
239193524
1571405100
344217670
256698523
2173433009
574706429
593750773
73711190
1852388538
420888979
240982946
1287681218
2176407163
490716731
782970590
1973629974
22373948
1726383781
242846878
1730591508
761676223
258367193
546879286
774897823
302730412
2168585677
2161541984
74059550
1149078110
2167048661
218307670
224308834
1222884073
174104690
224843127
32915415
569626872
1086949716
412782394
32524936
2165863297
15083114
18561819
2165111300
44458162
49978631
2160219770
71028123
2159659979
1693417807
24218209
90952584
1967280330
762656077
207950327
84867425
26983067
436094242
15288587
131954349
1673265493
774212083
353876840
1176906397
204026259
53317067
334765718
415666888
1735600682
59671269
16031401
1140340730
2153080412
1637070504
1881528648
2153324911
24763288
30414118
219054855
396315383
35759396
1380261631
1364453863
1924539926
18849564
92434055
221588325
19213066
1710314023
1571075629
421816421
555552843
1610219684
451667765
14616778
403171779
593230728
935773880
972715958
400270590
1857234800
515103724
304430568
249844732
191772710
1961095602
357673179
342761189
84489846
156052545
441489996
536857227
51896252
1950153114
1711733707
363376638
1210548192
746195426
52047400
1579577191
99808563
942744248
784446462
1925308603
151732113
1957312230
339991223
292555262
526615098
1957298431
709837067
367332922
7235452
466951430
110757354
475232118
224532225
1941184597
1573848217
34132408
1930166102
1467352849
177091704
764247421
43197124
164932981
704311463
378273182
544572341
863969989
1941466574
89831053
206951693
865716355
156468378
95286376
84206330
1936203480
1935351356
123528143
870982748
57152597
364947912
316461620
1689527064
183354796
17457026
1927311962
1900550678
1873840873
55831061
410807039
24575949
313530984
1924050829
1539843763
1852767001
1703572236
35547550
414308755
1919255706
358629589
1599380390
1884581514
1407940495
401103967
1543209662
159596229
1730521159
1604132676
1625975906
1373386556
262928457
138169918
1550456664
1858503596
248564794
119295913
351781940
181215079
285144346
166995234
287934234
1870076562
128067268
616708854
161775224
139212590
301770475
122161147
25394013
944351659
218008318
1244840461
21012092
347640902
271621181
829125523
112259183
400316160
616116553
45807055
43353209
1888138668
1888161126
45272580
326078270
1267169112
1702066544
555199082
440086192
399710626
363213815
23446723
610127784
47011573
84605478
24472686
848986958
1877545662
932135678
467070465
264326698
102758291
629916600
426124666
275128801
119830208
1634219592
353287039
104674350
26518374
1872771487
1713053971
1713137274
1869650941
151234888
388475964
1871691751
987661615
872792059
73552821
606872664
1628248232
39372935
359143320
38531982
50960246
591298618
1861135262
701606101
219519485
807184478
1850552736
1868494260
1731763477
916935650
596916850
491011009
31133487
1854929971
260856555
452716697
515154688
1146176155
57378085
236672715
241409665
469638872
323994116
406655126
198322844
770583674
165513514
112629207
1468615758
1360929217
474434685
119489539
276546439
1122750847
1075594784
121234981
562534151
19007700
715163707
76026328
1732053936
77640224
239653210
382919831
605034169
788350172
107793854
1458713076
731568578
506326094
26855574
39359386
867803982
171590841
48566425
154636851
21488060
419839418
48349525
247714150
436275292
1519831447
767044256
58423197
861380388
68035334
26132680
1535214091
70496327
467967907
1707991034
1707837421
221236121
1707687709
27789999
1137169662
138079955
273559338
18046011
187919875
308655153
27339985
30949620
194650254
1706378047
119479921
1164548509
1216817756
355881840
595698888
137985579
1705341650
180505807
26343601
1703512182
1703989495
1688726076
1694454422
15764019
374541608
240392428
65697447
17544913
341088483
42545928
1695760693
1291727202
565872503
472322294
464863098
42609957
421570096
71366787
321456843
113507903
291741087
1631820475
133970240
1358283967
322631240
276741793
321719086
549557903
1670753544
1685708120
20412356
39736240
1681878060
1648689133
295963186
47657231
1180595641
792767455
1669233961
932326518
1275189198
221829606
1668210199
1194737064
1665666739
1464204378
369276542
82255090
320969493
238325255
1661004637
1111838216
1594942963
855723583
154647635
174411282
1652142828
994266948
320219076
1529566969
1653167953
117552050
360642566
25524892
797340618
470284286
100032147
1508438670
1395673596
1611770953
130121257
774296430
16422958
1598465076
261235726
305593515
933301874
248780464
1549564459
1458720325
242929800
476764459
156339522
1544820547
461429992
741308552
20465661
84752634
1620968904
570255518
157138475
1632023551
382477300
520648800
63440594
110528979
538301157
748744783
1618335144
322048732
238293074
845745685
88258644
460648992
929833321
1494479492
742105867
1022632495
1548896179
383830872
27743576
25631334
350598967
99260585
198891928
250715014
1602275125
1552960554
576247433
345666624
21278498
316255602
365440382
69681766
302264672
523783716
1598611634
15352373
490376378
493609953
1596434419
242328247
1360381387
1599621212
321769811
39047949
472272105
83672609
347638336
173530912
1029757316
350641240
18934855
1300747778
387438034
1198474830
89269664
85206800
1544089604
317817594
1594626716
855676580
153201929
622285768
18908117
458950345
1432960638
1312425740
58883270
65144773
204203795
221923189
29741010
155719156
404574503
1486246520
709185156
113428555
299835152
298828530
392465263
587829058
1023763878
401597630
1566897972
1566453205
19444897
1322928902
460986940
767578064
312666445
19694464
1571145798
1529266578
397361772
33500321
364441568
93710949
508174833
932206748
171594562
289568816
19561082
42641622
18209323
418730938
83050961
436355727
424646759
514492162
1374836904
131595413
333128997
1557032756
1550850115
355073621
900140810
1473772459
734977225
484152018
49220741
77478304
15812887
18967327
1378626121
523823801
369530799
47401752
59021721
20933214
598582789
320749238
151965905
466492318
56441720
1544077844
1433703853
401520954
985992938
22431210
19684000
33003926
1068905641
17840855
56866060
236921941
235955709
41044925
59538680
1327275518
205493353
32427104
1542266382
334846929
1030097400
36934184
417465284
15912747
618679776
71314079
1514565708
399818913
528153005
206810018
739590390
465070499
969139580
793951560
15014747
26462959
41454639
517703317
294670703
770409908
1394835962
544598535
24241826
427558609
321805264
585258178
41499599
1393720380
516176936
494540705
1472848248
18806575
29846140
737234071
1488202147
961772588
111129937
450248474
34977164
355107884
61242434
1370877846
1410519948
211613219
171579232
1354779932
597653306
496229068
383286990
27133391
1440202165
786152689
48885639
539312336
274510502
1476071988
76136610
1471985287
1072473847
813565196
537958370
24538367
1461312714
521758582
1227868130
492874940
94965721
1016231233
232623053
259115999
1418181798
347958115
15555534
111798956
163541100
21011627
153981984
914947790
598356904
737476026
1446491394
263152168
51240925
795873060
1191019770
1143111066
15963797
825875798
48979806
54541189
20297740
1133744539
243461133
249420675
37960237
631499805
606770923
889256060
522577240
427173426
216401538
64676384
18352761
17092388
1017677480
271823598
146104568
98627870
471500948
299133659
1429298413
885630619
147698398
1309315478
269876258
1400242418
227953999
385733724
15882393
480772188
1411265257
1281511014
10824662
1337967217
1310528502
1398567086
994276356
388451071
1357224884
116909464
43445118
473911407
22552574
284553369
452260536
1405587042
25007225
1408880563
103147667
856614978
34574652
1242593916
245514799
161032645
55249701
219666508
306068253
602110894
217906833
971679542
371859506
1406433685
1158903480
1406765077
864824318
18617190
631526544
472556716
338707649
617078734
1390385858
1304740128
1395525210
26379293
34685629
1096535496
506855592
284151155
1393500654
866792994
214146861
1320671780
465061382
1220177640
59131076
487581413
426284123
260433019
32140200
484908197
223688333
1382734212
885276908
302200382
310729474
303248613
1066960921
355974084
276997482
81918589
119504938
411327404
33578804
402379980
68576754
528991194
15157283
1364375467
958096584
341560818
801388315
1378534424
323986349
39398588
290674136
326632757
36774156
132988406
131025776
157107990
251348291
38488400
490964908
966406476
1274195216
1279746270
188880879
456687032
1360432190
405022806
309591843
28138792
466093384
60118726
597026503
1083929180
7081732
468983241
353963176
326185128
232015672
1331645754
329424075
272987129
524009775
1170058783
312186964
1363319701
24540337
423696291
1355289272
327508709
1355142420
34110613
189550703
53600020
62409607
844596398
1136107928
47459875
969353522
224827646
1284843794
1353341335
51473146
255090699
1327974014
506049676
1137845929
298195226
431785385
935075521
130196849
1258186512
566408404
791921455
461023215
25131545
249329470
620084527
31407357
102516724
127348629
910359176
176939263
369065376
255267263
200454974
306930864
1338037622
862275314
217189053
62387884
926306936
204529858
523903254
1096228464
28072542
42538754
1329663932
417635186
22282589
192049879
461250711
55882710
338957728
207228671
93534246
319648106
317589276
714758864
453869532
57125521
251889616
322836777
1244604282
1217318654
542857498
1283481162
94377710
19280653
518931259
194792466
1321448156
347614401
526684106
961247246
1028863958
18369254
374010278
46077373
1311680598
103877566
297247574
500817478
591060408
62865310
166115372
35213833
1293906721
1033607388
1263202494
461535360
722958871
239538798
787442618
244681861
164386441
1255425396
427403402
28610770
33962460
20192882
243939559
312254630
781581320
269926928
1037021042
26700858
357960811
369793022
481447238
470382941
574843410
282194391
73149107
170265761
435870439
508771510
11885802
40240339
251919963
1051153993
130935092
268012632
173611826
309229084
1269834888
624081663
328752509
122366000
1267874994
590430031
423567982
47973009
409384312
67367650
33716586
1254870018
1252105826
1250615390
477425169
121181696
37178088
1260064466
1252178107
526746954
750389966
244265469
956643770
479803881
914471598
620748192
167276830
282106892
139567116
74682943
289088398
237920361
519390970
335163265
1082978713
240034989
637153844
569612299
571856888
563067062
635783156
10088702
18867844
235444592
312834533
1242573618
862639604
70412849
43703240
427041401
1153160587
377739419
1240144345
147729849
40386860
139826878
543949392
384381805
885144331
759980623
49141047
470124926
291513234
95940125
330633117
471440116
150183103
301521832
429864854
14071230
518786419
246406787
17543352
574110642
524897245
1097471096
21704238
185804861
1220077266
120308797
1208918396
602088253
1216705759
25238190
14519349
1216896476
1058265313
604537006
16930138
566925546
436251287
1190642066
368651073
327214088
334286835
1041254948
1209166405
222045241
1205728795
424928386
415133483
27807073
40848717
216120239
213746872
234850463
301817484
61211208
137684616
353739323
23733373
1009571155
443912629
382221907
201525764
245010364
1186957417
293660292
960660470
194851083
165830832
40867635
1191608322
44602021
290304350
12748572
911778012
1184719034
1029160303
948777804
1182918660
636950167
201879090
37288386
285865282
610704562
128654259
917544739
569892628
15412070
338472519
347618169
931271150
404298842
227383576
61066420
1169864352
1005735097
398960000
505739336
458815830
1132788596
989863256
18441621
564844879
247818765
829463618
592361292
165432146
351567502
38604530
321195163
328230795
606933546
255655412
359076361
824981814
23644680
598034964
413384561
743596616
173848077
539883306
273654108
219520531
404758976
64961224
26344826
1115112013
158946294
84337976
338431601
430032485
572296368
276691642
164079312
309252060
1004935800
186740836
470776067
20437286
53374143
17919269
23602600
101896529
70406994
29716569
188001904
164691705
510503908
185397767
36511908
944511822
1149626954
1149700285
415272983
926754156
186165529
1148814036
1092577124
345147441
29262526
1131568518
284218237
496914303
27644601
744146936
214975423
26504447
176266796
323648602
554446814
264379809
1105350187
702979297
1134695059
792589315
11877492
203175916
171770424
88655919
40615860
389115128
609401679
76167976
872003556
1113021228
520729274
193414705
1132734354
1132092900
1132004833
96868875
486842771
602459943
121495002
1117852951
1059554586
993333950
14232397
46450203
1122260768
334111664
101543965
760541989
15656503
551149748
781538408
401118629
17820305
1019803158
1110430578
329084218
541908382
1115592356
37054110
1089444132
26103020
523346634
35778956
63308355
69596818
415672707
268042071
430057491
25359292
990357595
46223941
305074648
23968905
294687734
419114481
329716050
1104613200
345440580
93741182
547818339
1043214361
56188081
113459817
229520448
317327011
18520847
13558642
361386008
44513172
299387188
395059094
15898233
228755996
627777806
404254825
400370616
43952827
19515867
16513931
187452696
297037779
172460660
1053994560
264362357
229392522
120916495
196421488
1023067220
766812812
1054711963
70786178
460814896
1066986799
1071585362
41732604
534573219
468731144
18919233
494986296
930769771
1069838034
173483400
123302399
726145826
173222923
39944442
1067266537
945106273
377380028
385386783
556469018
385557995
60885118
847244149
1056387254
40481617
109054626
97621600
975509077
78406492
105642991
568299624
23875828
21779913
567483159
258356995
128131009
912918416
43687952
109686777
1038496070
1040992724
1037609311
167103361
67566698
567428288
525962250
547058028
796518278
568332261
568977262
569000663
337467055
335068957
22329892
382399911
277839603
312272469
182165762
320599535
35455063
391784898
46046988
180845724
992491308
88166794
22087138
115415961
46191862
384028173
378317738
371804571
152419885
197097492
14280459
264603924
26898484
37537798
595634362
42274670
52211768
575595625
61500505
328693931
190410716
21558228
357810768
270254613
148609484
710245806
42931353
36799707
56012621
235341823
807813511
51949830
197908014
920291881
384717088
417520198
102522609
948933157
36460995
873880488
219482836
94874243
481377523
407301885
164364873
302166963
144009449
263904221
41554699
381326055
407372593
198700246
475124633
36210082
378818373
241355925
291253558
40070012
43255147
260367200
20676971
74420805
45927017
29268000
164068123
299173253
246439902
299416153
22786953
314288320
326236653
103734780
25523186
347835707
326484097
348089323
52021849
308592623
274213788
380391547
194797319
28507578
265605249
235239123
90739311
346194948
28487032
419257146
183451586
393199847
355140390
418213456
70757377
23588788
78757767
154947460
411240366
436334834
312931277
30169568
10076702
409007266
32307191
388655043
449177007
448158526
462196734
14778782
66708230
467161172
454438424
297198189
481301482
479040621
55112390
69134533
351232182
122255908
204638980
159867767
487228079
33363079
14910806
519669415
194794484
299458638
526878076
30564812
112493319
21436473
17480428
523504383
19752048
6435542
355195621
40575227
87070954
386069667
65048537
513910424
19173218
42268300
322189061
130368305
348496093
87533392
199440800
71134107
232443728
707365237
287536793
115964327
74323303
809125586
316503680
506626789
91647007
34838971
225238209
168764857
586183131
550543573
126669210
269453280
585180019
243400732
305735117
223328960
441335575
166399965
705671484
882778903
932289181
1015767524
148814795
973093507
196146913
1016406066
1016104568
436144185
556540552
160730823
844359750
64246201
232704719
458919555
16256529
151120781
248538397
343023158
260028986
266090011
548482358
179755211
344228206
403845460
701321922
12691142
66507838
336937619
542881147
486591250
93472873
378265664
996120714
25197389
960953258
300276735
554469783
622600917
192769865
167243608
50677180
16261638
813527966
14675572
903190940
801752738
982119170
385573454
21808500
266589790
324144527
90294771
134971660
254333806
63344199
24436600
456941329
200105153
191328828
150785725
35985614
981054918
39755247
23775292
822410792
19154018
522805014
449396661
958464236
241006357
61798989
60188058
59266552
36931424
921902664
377693694
268088692
82932037
260575246
309980161
260527240
891464396
35820639
455712750
961903358
394672038
418011485
461244889
846654002
369121102
474241283
66764412
21199964
85725298
477340657
140883357
93693705
223892034
258403745
314228449
950649068
135250635
921958118
75060663
948097831
114249564
241269355
830349462
499249060
945999781
374917068
295352677
369758402
269970151
95062380
334174286
12696582
389045247
940608356
138637876
937854602
167519785
913116410
407014577
436829899
558194056
387899335
137149589
933611719
354004940
380565384
93883620
68247958
871821782
860605544
921496669
928994702
281663256
89287950
930745958
861282656
850125644
244650224
43018233
123106902
360283615
584514601
23387806
253913006
928267022
479154695
894646478
171079949
926643566
279861895
440205541
382801924
312627742
205962235
372058172
313299225
555423897
926698993
228611412
40161236
45073447
202253410
916257302
860199834
483319955
453503737
18958514
364069521
37530046
322857252
914905886
344353776
406705594
311756608
868875990
573134827
194655328
921369320
408687660
919960110
16014977
150466439
368129281
777441984
260533260
275536020
305703296
470476226
415225154
917333858
279123899
494117100
319337145
423577804
77865279
413492802
620345011
468931220
409442618
78399086
66575001
228766381
35002846
410215804
602365247
420023065
443969856
183329321
127555259
352077100
194345429
352401701
381264011
188841645
858719306
235842134
233799068
288043895
15482023
803145386
95350638
909041244
261831199
406725739
429522960
84716300
546483855
355809634
32492654
20688237
903191023
237383112
460053775
448632685
907267722
541982659
829408856
33348920
10201262
810273494
817642609
833590771
838301575
832105926
309035371
33130018
113717312
903123199
326758316
80660048
434963378
209708061
307531393
410693258
328786766
27254321
901180921
338087676
896564149
161853798
39273700
515908052
429830338
711583723
896575849
46037741
413490509
27354551
762334279
154981289
438113418
478112043
14859204
48722364
67122735
406295914
383846829
821519126
92792405
584269225
842848908
90499261
885307183
864064248
828255852
859603178
406010955
882280802
346704221
199409157
128346877
410509575
746273270
829778839
289637543
37295178
517838718
737938248
166439768
448300837
33738683
475014176
88490646
835910065
460618885
19544928
180232121
423692278
408009302
386259042
417109969
601900690
496027710
384682470
868617306
94128287
863518052
632626743
413526514
16357635
307799110
36620598
273603872
864923485
447367102
854146027
362671697
534208271
484285819
333554514
858892615
70469491
26996111
22199366
288040045
834337142
544738880
625727034
32414154
28645961
33749484
858920426
843567086
761414732
240017139
194699649
858008023
201795895
856637839
855880692
351828886
435311174
615701792
118784158
218300146
626120810
836359568
396244549
737009744
67378195
423631712
820330753
805827943
625026666
27072006
197593986
368006988
264575363
453428837
74738535
550358528
774454843
829829834
64856155
33097850
251167570
392295957
304958575
38485040
833476266
325652151
795178357
792706658
829662260
325725628
433735043
543492634
554554520
25281063
798691116
430358260
54769979
67940616
348437376
17900421
15706633
790128943
281505928
270121394
172502750
244260079
273350592
60469741
24008434
819609356
348817919
196767515
49074633
18507505
17802205
203136326
93183948
785639539
177446118
17184065
811421467
199456268
171632747
65402526
628939043
807131618
19066370
12146202
273355387
805974806
14327961
429520617
51448527
17093617
780533119
55666078
117542074
17153772
196358211
726247543
17463660
494561439
528705101
798977022
798621272
194268190
539550203
268599021
349700426
792754574
488048750
332273376
180669193
21982526
461261224
532741218
532734402
589379520
442240671
510560894
789863197
137432864
575773992
319440328
779529192
790313546
52970252
315595343
18574689
369045868
633109541
92190427
537415789
785753558
787231068
787199760
41697270
397491670
785300822
99991727
624763952
239221322
19749896
181799278
408985124
423777504
361719572
476922226
492883172
315430882
780189829
764878298
324666936
229725940
773867953
626822319
232270021
213805607
772032980
177369388
551444014
759942564
28703779
622386324
127624732
34088714
40002212
129994831
750455893
752547859
176292392
35346374
253717734
65671398
753870588
113133514
19251153
25911549
632332496
207201855
589269098
42412441
17469289
360896432
745920601
16814727
701432244
317437767
159568439
60224484
221882051
34087385
281047155
294657115
26117616
728876701
42125412
252715856
730781815
19631550
277192572
171337735
314741093
94622648
259584590
393870439
390881427
359029463
102821267
589469585
493136356
47333726
27059856
302773801
95290762
563613826
15958265
197024146
707795251
181705377
127658695
412745677
459474494
182140428
707611610
243387100
365260649
597154959
361672759
283745289
476270668
427118878
305883817
472400127
364381660
300585615
380044478
330462484
91608553
702313338
313731119
93196151
33349969
629895071
481631253
396120072
38290525
634247737
53748876
277167779
36684580
118566034
164804024
630669082
517975156
500925838
15944443
272155744
374214253
534012881
230912412
83896876
353229110
40950078
17064951
382786413
39076278
330112701
425100662
241451102
154981246
443030026
594292096
302029569
617722545
613063502
482545609
166911082
16909808
525941217
475033771
113420566
175236742
119286434
58569413
165993984
320480915
409708751
418174648
544480623
290192078
17573829
390751271
259055372
100012390
47559603
577552672
58234538
175614913
19348987
609999058
239334168
90795601
297391936
395444347
17296075
378164838
201533181
183679544
605366567
455233234
166182965
99932954
415286245
396838419
43179865
127701294
23111763
595696474
602005721
509030117
570637896
23946667
164394843
177632074
477106735
526911889
367405742
33057154
175124753
381508455
60724709
415708387
342839697
195832745
343826094
6565102
588775894
21198104
328605310
68048366
452257575
387516303
264416351
503544051
381608822
51900399
17421214
145629698
151549745
268142875
478291274
57834409
588333160
85004946
418282775
506476995
41137317
577072342
581713495
237579523
101304673
194196557
60016265
55604675
19521569
16794789
486257816
268598973
506782856
281717034
582833558
393328744
111098616
29988699
32387382
105266607
90467718
90714690
109297087
17194823
227004336
253338262
36115386
20004298
95713803
530842130
39776883
14184037
50541526
570656156
241639550
25130700
309357910
556354023
568198984
46038719
37358358
111068027
284316967
315375648
338012352
568386092
252413806
570330315
528547013
526477972
564669572
309943119
578617275
416626983
195167114
479563095
346382512
229229345
14801473
18947765
179631919
553030972
202319009
231311239
74711526
571192760
363442366
574786014
110511884
47203018
18032149
538685503
553192694
54991765
555192989
545385583
560503937
37461587
280151122
118725231
131354906
527627846
436223551
501090282
564787935
15364959
25028445
70224215
56141291
542053873
64080620
335085608
357488792
538575417
75098451
552282890
410455639
26404317
491849653
460538660
47732620
396681598
523206893
395628168
328746848
27467042
389061328
336628506
97487983
15726199
269067279
558101862
556912130
102751218
393632073
556235520
556203505
512485335
36188679
159256769
537282934
52197510
534703057
555671298
271113974
229780338
173185918
297768856
239571113
511095530
445077692
19299185
60904719
546035802
25989444
551206856
22406262
33955908
551322384
426375017
306366473
120345094
327440925
539346194
335056964
427774274
544437743
339919922
54951191
545159816
222632793
470875397
514768709
361949101
26688109
93244676
31901978
546634616
482432650
408788613
16334469
58502252
9248492
72554692
544441990
540206861
50675327
454457313
136472659
19053307
28357563
445078525
469753056
55255460
351162990
35263045
457913411
538368942
377192556
52979289
439449838
231592112
342439023
458559691
14920914
378248218
309089514
309254098
19962800
292265789
124694413
263236651
205226703
53559835
48114476
209290784
55169336
341314260
533481247
509304883
532868369
16522733
421256150
322068247
478975116
272441002
362243840
525359118
528132165
520982544
78714922
126960976
73286644
154477528
383062196
46375793
364826196
276241514
129842044
319344057
253183314
526570949
418020538
115440940
323649359
265116839
482560507
408785784
521878067
113619900
55378235
386731721
291372361
269557577
375802258
513883056
145649324
426311507
485064100
474297689
485052236
488485408
476173499
501045556
488518369
512423013
180578566
501119395
500989749
179582664
190875483
355971984
444940567
63303688
138142525
23812140
243333357
22025986
516725377
78436667
39376583
148587486
413596453
221063889
463060794
15466511
32885253
513533891
505238144
446333404
512812732
62851508
214669154
508162413
234520913
476316550
410246023
420089936
64928597
509134284
390356395
423894109
119982713
498886553
361317988
170691820
68857020
483179563
456000716
17415107
194174622
34677788
261983756
17982389
49605714
442338551
35900924
262484344
360157897
107179377
399712729
468443315
468739586
427003788
311824559
389749424
316083027
492915792
215074250
36854441
5033381
430820435
457246308
478848640
480780761
481301466
276828009
479911305
436342073
481356946
450342464
490052644
443435093
205078151
120947257
460147433
254194090
213383361
256302478
494315174
497892395
490886021
85193505
18606105
29495727
30144178
82671684
42938605
497228802
496110105
327102836
469426208
284161403
74271577
287358941
354909861
382229573
363985922
281061437
380596859
491427331
119235720
489780135
475919027
493603314
160935348
259595158
474411823
56361751
18137777
460358596
482400876
467132612
489755319
32421388
31475253
71033717
491952912
216463526
469204495
431862387
465298323
229356181
25747760
491341059
464832438
93292432
118257751
407773075
361285944
477323051
468753374
210778453
41105975
15209998
441035151
367577303
256710247
15600893
362721649
22564758
16438898
381215757
153950957
16164289
39921231
3108351
22154112
17661546
14114564
27675227
44599538
284359080
458874870
408811380
28636338
399118494
353253135
257173290
251329174
441998421
473550027
15808765
473548491
474166626
474402363
19928427
195174833
463300864
461787796
435550776
426381225
481331379
369824308
478709673
240374921
41597124
444893092
250666953
17651148
251236506
37283353
29773561
38699626
257085697
363519810
363138721
45755334
27666378
20524105
57653418
472640380
268035527
235846463
479182309
427855563
418454277
164888471
18820207
56848695
12911132
463126105
37557615
17049666
1186911
37425288
15585350
17470444
420006766
169163779
466095163
121965563
61315223
190366630
31561699
460383467
15561488
32381290
448938283
443438483
68298159
175217329
68566688
17633792
310786105
335632532
156496294
120277343
316901024
24909624
374758390
350435624
30216502
78468281
369145177
24771194
437382423
58582256
460743826
366790073
297785471
36824747
42666033
135686901
349169926
33436397
332897317
16939891
338006835
73439831
285184866
124563051
276732088
91884618
29627354
428705603
324604086
18000712
69133101
338570232
224326839
23622783
263471446
33826877
371869589
272533825
385577709
205397924
139832851
77301874
439731359
93483112
134308604
455176726
382179109
451064877
91882087
15639821
337915292
385162096
429486152
36853194
251741306
442319925
63212288
76038615
71951636
42012400
21661387
19272796
47703620
196787863
443007681
274082381
281775143
391641227
7019062
16394185
338207339
15893133
310692609
437981909
54911548
24317641
248888635
44025295
80073064
22540858
270109879
280288604
19354998
41382413
145330187
420512259
107297442
76768682
102180295
34784249
393774138
373775113
8884642
238792605
37949404
15957929
283528076
65367052
402262909
124555902
35714336
28016263
298053817
15862680
5694822
31169220
5794972
27051573
121216491
11542772
403533830
19784041
15248150
65948182
315508959
34143806
41126703
107606789
380466614
41723457
82538768
111133119
270011815
246472153
160492696
160494516
160492271
354669129
45991407
16653152
77480519
35868537
42021099
31118632
17147539
126793394
54112798
39002923
196234741
60145026
244968673
324744627
89519153
328539867
321005065
403174518
40583207
51785238
268098272
386782773
284482879
251399522
388365462
380696422
346930768
397029794
119563772
60825255
337454681
152327492
47459873
346627517
185471624
365244539
18917882
384457565
55604491
34695404
29407288
40201103
14876415
399631542
40878677
180211342
15844153
329771375
382488766
92051542
407412199
188052181
251854898
115724213
362090408
302236785
366251688
84392773
71843252
298153283
292915945
16681595
55002835
261382312
407199144
31590409
16632772
167678810
224074946
84404237
28409399
36508339
275327692
193856103
204431693
140277775
188108802
230820554
32009466
16530052
65363076
19979229
54909891
76283265
15027405
38792386
66624308
87312957
89322672
15688275
92479489
19997340
93202557
16185504
64903916
20655334
16721657
30054192
15505986
30998969
16045268
28373506
106806019
110539186
21922922
50649794
112890107
89814534
109139201
18629030
20701865
11535442
15109004
115468628
128668825
37291750
32267790
27342529
142644662
67359346
21503594
22816308
145929692
96620504
48797364
17971292
64249866
75036853
153121737
7226272
135201390
47723028
75126880
30217982
162000849
166840812
121494717
81706034
18195784
174828263
122934759
50933673
50746996
98448197
189005471
191568825
140063797
82875865
141562484
130879598
191762950
195631588
199357182
23592864
32895428
204324239
154183767
154182691
204402450
25235494
207116433
92853000
101591119
18736647
58884499
123336185
125793506
137399811
30040421
24011366
87799109
37450101
229191414
33736525
228227920
124623078
69693785
82205066
44673337
43652068
253694761
246868681
52187457
28699212
60434019
64136249
249529669
106826449
230919704
221882687
256079772
13817822
19217708
157696876
30298202
78978177
273182736
158256797
274123842
276275153
245857143
19981963
277655787
63492167
14244803
265902819
265900852
284625954
248393138
19769043
95756349
40577958
283025943
237848402
61228701
33455556
52541551
15649188
158549549
39764106
218233846
34707620
130177425
319589868
234881055
61359620
325351596
24878661
17467699
331974357
280242003
253325964
95634125
335377793
335944296
25251363
334034791
196060943
345552125
19102239
337974537
232379989
130668958
66704296
363882398
22551169
112792125
56403190
349196620
326782756
302705719
309368210
271082275
85659769
30715209
113677180
363506391
181794746
37941302
331673997
35964908
27884133
110580197
256313556
368076863
282155161
372457455
136234345
379483686
23281712
35787735
240505649
383799393
76247018
154536515
327830704
151810985
119873127
325464275
47651639
387349214
384699127
243614645
45647568
391803558
17941076
256576542
387383715
33939530
164858995
54252747
278608596
98157493
31033166
347053160
23854188
114584066
402165530
317798151
188208717
48816002
37042314
173231805
19682827
17792752
386781422
373533956
352028173
102133945
57356268
377106058
301300206
47766978
61232950
42631254
199283982
201804770
159244524
294231377
204799023
31122496
15062527
22195343
27989791
191673172
188005324
14179819
19609379
250983395
145460854
15308272
20768385
90484508
807095
167630284
77185832
12413032
190283481
87285896
18198970
158144077
160933348
158471287
165887222
15382629
114624280
64517139
237432271
87074068
23622506
111393982
243885262
97963136
202193825
203098512
28103539
148345989
21405623
15690907
158476411
69962003
40948070
130191428
